
@online{site:api-treccani,
    title   = {Application Programming Interface},
    url     = {https://www.treccani.it/enciclopedia/api_%28Lessico-del-XXI-Secolo%29/}
}

@online{site:ai-treccani,
    title   = {Intelligenza Artificiale},
    url     = {https://www.treccani.it/enciclopedia/intelligenza-artificiale_(Enciclopedia-della-Matematica)/}
}

@online{site:backend-wiki,
    title   = {Backend},
    url     = {https://it.wikipedia.org/wiki/Front-end_e_back-end}
}

@online{site:dom-wiki,
    title   = {Document Object Model},
    url     = {https://it.wikipedia.org/wiki/Document_Object_Model}
}

@online{site:llm-treccani,
    title   = {Large Language Model},
    url     = {https://www.treccani.it/vocabolario/neo-modello-linguistico-di-grandi-dimensioni_(Neologismi)/}
}

@online{site:w3c-wiki,
    title   = {World Wide Web Consortium},
    url     = {https://it.wikipedia.org/wiki/World_Wide_Web_Consortium}
}

@online{site:www-wiki,
    title   = {World Wide Web},
    url     = {https://it.wikipedia.org/wiki/World_Wide_Web}
}

@online{site:xml-wiki,
    title   = {eXtensible Markup Language},
    url     = {https://it.wikipedia.org/wiki/XML}
}

@online{site:url-treccani,
    title   = {Uniform Resource Locator},
    url     = {https://www.treccani.it/vocabolario/url/}
}

@online{site:gpu-wiki,
    title   = {Graphics Processing Unit},
    url     = {https://www.treccani.it/vocabolario/url/}
}

@online{site:chatbot-wiki,
    title   = {Chatbot},
    url     = {https://it.wikipedia.org/wiki/Chat_bot}
}

@online{site:plugin-wiki,
    title   = {Plugin},
    url     = {https://it.wikipedia.org/wiki/Plugin_(informatica)}
}

@online{site:markup-wiki,
    title   = {Markup},
    url     = {https://it.wikipedia.org/wiki/Linguaggio_di_markup}
}

@online{site:form-treccani,
    title   = {Form},
    url     = {https://www.treccani.it/vocabolario/form_(Neologismi)/}
}

@online{site:browser-treccani,
    title   = {Browser},
    url     = {https://www.treccani.it/vocabolario/browser/}
}

@online{site:script-treccani,
    title   = {Script},
    url     = {https://www.treccani.it/vocabolario/script/}
}

@online{site:asincrono-treccani,
    title   = {Asincrono},
    url     = {https://www.treccani.it/vocabolario/asincrono/}
}

@online{site:client_side-wiki,
    title   = {Client-side},
    url     = {https://it.wikipedia.org/wiki/Lato_client}
}

@online{site:server-treccani,
    title   = {Server},
    url     = {https://www.treccani.it/vocabolario/server/}
}

@online{site:cloud_computing-treccani,
    title   = {Cloud computing},
    url     = {https://www.treccani.it/vocabolario/cloud-computing_res-4d54e944-8996-11e8-a7cb-00271042e8d9_(Neologismi)/}
}

@online{site:latenza-treccani,
    title   = {Latenza},
    url     = {https://www.treccani.it/vocabolario/latenza/}
}

@online{site:quantizzazione-treccani,
    title   = {Quantizzazione},
    url     = {https://www.treccani.it/vocabolario/quantizzazione/}
}

@online{site:open_source-treccani,
    title   = {Open source},
    url     = {https://www.treccani.it/vocabolario/open-source/}
}

@online{site:debugging-treccani,
    title   = {Debugging},
    url     = {https://www.treccani.it/vocabolario/debugging/}
}

@online{site:desktop_first-hvdig,
    title   = {Desktop-first},
    url     = {https://hvdig.co.uk/web-agency/mobile-first-vs-desktop-first}
}

@online{site:chatgpt-treccani,
    title   = {ChatGPT},
    url     = {https://www.treccani.it/enciclopedia/eol-chatgpt/}
}

@online{site:chatgpt-treccani,
    title   = {ChatGPT},
    url     = {https://www.treccani.it/enciclopedia/eol-chatgpt/}
}

@online{site:git-wiki,
    title   = {GIT},
    url     = {https://it.wikipedia.org/wiki/Git_(software)}
}

@online{site:poc-wiki,
    title   = {Proof of Concept},
    url     = {https://it.wikipedia.org/wiki/Proof_of_concept}
}

@online{site:webassembly-wiki,
    title   = {WebAssembly},
    url     = {https://it.wikipedia.org/wiki/WebAssembly}
}

@online{site:websocket-wiki,
    title   = {WebSocket},
    url     = {https://it.wikipedia.org/wiki/WebSocket}
}

@online{site:tcp-wiki,
    title   = {Transmission Control Protocol},
    url     = {https://it.wikipedia.org/wiki/Transmission_Control_Protocol}
}

@online{site:open_weight-invezz,
    title   = {Open Weight},
    url     = {https://invezz.com/it/notizie/2025/08/05/openai-rilascia-i-modelli-open-weight-cosa-sono-e-perche-cambia-tutto/}
}